<record><leader>00000cas a2200000 a 4500</leader><controlfield tag="001">11957218</controlfield><controlfield tag="008">850424d19051906ksuwr ne      0    0eng d</controlfield><datafield ind1=" " ind2=" " tag="010"><subfield code="a">sn 85031191 </subfield></datafield><datafield ind1=" " ind2=" " tag="040"><subfield code="a">KSH</subfield><subfield code="b">eng</subfield><subfield code="c">KSH</subfield><subfield code="d">NPT</subfield><subfield code="d">OCL</subfield><subfield code="d">OCLCQ</subfield></datafield><datafield ind1=" " ind2=" " tag="042"><subfield code="a">msc</subfield></datafield><datafield ind1="0" ind2="4" tag="245"><subfield code="a">The Marshall County index.</subfield></datafield><datafield ind1="1" ind2="3" tag="246"><subfield code="a">Marshall County index and the Vliets echo</subfield><subfield code="f">Nov. 17, 1905</subfield></datafield><datafield ind1=" " ind2=" " tag="260"><subfield code="a">Vliets, Kan. :</subfield><subfield code="b">Forrest Warren,</subfield><subfield code="c">1905-</subfield></datafield><datafield ind1=" " ind2=" " tag="300"><subfield code="a">v. :</subfield><subfield code="b">ill. ;</subfield><subfield code="c">54 cm.</subfield></datafield><datafield ind1=" " ind2=" " tag="310"><subfield code="a">Weekly</subfield></datafield><datafield ind1="0" ind2=" " tag="362"><subfield code="a">Vol. 7, no. 33 (Nov. 17, 1905)-</subfield></datafield><datafield ind1="1" ind2=" " tag="362"><subfield code="a">Ceased with Apr. 20, 1906 issue?</subfield></datafield><datafield ind1=" " ind2=" " tag="500"><subfield code="a">Published at Frankfort, Kan., Nov. 24, 1905-&lt;Apr. 20, 1906&gt;.</subfield></datafield><datafield ind1=" " ind2=" " tag="500"><subfield code="a">Published by Forrest Warren &amp; F.M. Hartman, Mar. 2, 1906-</subfield></datafield><datafield ind1=" " ind2=" " tag="752"><subfield code="a">United States</subfield><subfield code="b">Kansas</subfield><subfield code="c">Marshall</subfield><subfield code="d">Vliets.</subfield></datafield><datafield ind1=" " ind2=" " tag="752"><subfield code="a">United States</subfield><subfield code="b">Kansas</subfield><subfield code="c">Marshall</subfield><subfield code="d">Frankfort.</subfield></datafield><datafield ind1="0" ind2="0" tag="780"><subfield code="t">Vliets echo</subfield><subfield code="w">(DLC)sn 85031225</subfield></datafield></record>